<record><leader>00000cas a22000007a 4500</leader><controlfield tag="001">24125545</controlfield><controlfield tag="008">910724d18901891sduwr ne      0    0eng d</controlfield><datafield ind1=" " ind2=" " tag="010"><subfield code="a">sn2001063593</subfield></datafield><datafield ind1=" " ind2=" " tag="040"><subfield code="a">NOS</subfield><subfield code="b">eng</subfield><subfield code="c">NOS</subfield><subfield code="d">SXN</subfield><subfield code="d">OCLCQ</subfield><subfield code="d">OCLCG</subfield><subfield code="d">OCLCQ</subfield><subfield code="d">OCLCF</subfield><subfield code="d">OCLCA</subfield></datafield><datafield ind1="1" ind2=" " tag="029"><subfield code="a">AU@</subfield><subfield code="b">000022904659</subfield></datafield><datafield ind1=" " ind2=" " tag="042"><subfield code="a">msc</subfield></datafield><datafield ind1=" " ind2=" " tag="043"><subfield code="a">n-us-sd</subfield></datafield><datafield ind1="2" ind2=" " tag="045"><subfield code="a">w9</subfield><subfield code="b">d18900125</subfield><subfield code="b">d18910321</subfield></datafield><datafield ind1="1" ind2=" " tag="100"><subfield code="a">Baum, L. Frank</subfield><subfield code="q">(Lyman Frank),</subfield><subfield code="d">1856-1919.</subfield></datafield><datafield ind1="1" ind2="4" tag="245"><subfield code="a">The Aberdeen saturday pioneer.</subfield></datafield><datafield ind1="3" ind2="0" tag="246"><subfield code="a">Saturday pioneer</subfield></datafield><datafield ind1="3" ind2="0" tag="246"><subfield code="a">Pioneer</subfield></datafield><datafield ind1=" " ind2=" " tag="260"><subfield code="a">Aberdeen, S.D. :</subfield><subfield code="b">L.F. Baum,</subfield><subfield code="c">1890-1891.</subfield></datafield><datafield ind1=" " ind2=" " tag="300"><subfield code="a">v.</subfield></datafield><datafield ind1=" " ind2=" " tag="310"><subfield code="a">Weekly</subfield></datafield><datafield ind1="0" ind2=" " tag="362"><subfield code="a">Vol. X, no. 1 (Jan. 25, 1890)- v. X, no. 29 (Mar. 21, 1891).</subfield></datafield><datafield ind1=" " ind2=" " tag="500"><subfield code="a">Edited and published by L. Frank Baum, Aberdeen, S.D.</subfield></datafield><datafield ind1=" " ind2=" " tag="515"><subfield code="a">Numbering irregular.</subfield></datafield><datafield ind1=" " ind2=" " tag="530"><subfield code="a">Available on microfilm from: State Archives, South Dakota State Historical Society.</subfield></datafield><datafield ind1=" " ind2="0" tag="651"><subfield code="a">Aberdeen (S.D.)</subfield><subfield code="v">Newspapers.</subfield></datafield><datafield ind1=" " ind2="0" tag="651"><subfield code="a">Aberdeen (S.D.)</subfield><subfield code="x">History.</subfield></datafield><datafield ind1=" " ind2="0" tag="651"><subfield code="a">Brown County (S.D.)</subfield><subfield code="v">Newspapers.</subfield></datafield><datafield ind1=" " ind2="7" tag="655"><subfield code="a">History.</subfield><subfield code="2">fast</subfield><subfield code="0">(OCoLC)fst01411628</subfield></datafield><datafield ind1=" " ind2="7" tag="655"><subfield code="a">Newspapers.</subfield><subfield code="2">fast</subfield><subfield code="0">(OCoLC)fst01423814</subfield></datafield><datafield ind1=" " ind2="7" tag="651"><subfield code="a">South Dakota</subfield><subfield code="z">Aberdeen.</subfield><subfield code="2">fast</subfield><subfield code="0">(OCoLC)fst01217118</subfield></datafield><datafield ind1=" " ind2="7" tag="651"><subfield code="a">South Dakota</subfield><subfield code="z">Brown County.</subfield><subfield code="2">fast</subfield><subfield code="0">(OCoLC)fst01212831</subfield></datafield><datafield ind1=" " ind2=" " tag="752"><subfield code="a">United States</subfield><subfield code="b">South Dakota</subfield><subfield code="c">Brown</subfield><subfield code="d">Aberdeen.</subfield></datafield><datafield ind1="0" ind2="0" tag="780"><subfield code="t">Dakota pioneer</subfield><subfield code="w">(DLC)sn 96064286</subfield></datafield></record>